<record><leader>00000cas a22000007a 4500</leader><controlfield tag="001">10439120</controlfield><controlfield tag="008">840221d18761882ctucr ne      0    0eng d</controlfield><datafield ind1=" " ind2=" " tag="010"><subfield code="a">sn 84022493 </subfield></datafield><datafield ind1=" " ind2=" " tag="040"><subfield code="a">NPX</subfield><subfield code="b">eng</subfield><subfield code="c">NPX</subfield><subfield code="d">CNW</subfield><subfield code="d">OCLCQ</subfield></datafield><datafield ind1=" " ind2=" " tag="042"><subfield code="a">msc</subfield></datafield><datafield ind1="0" ind2="0" tag="245"><subfield code="a">Call and citizen.</subfield></datafield><datafield ind1=" " ind2=" " tag="260"><subfield code="a">West Meriden [Meriden], Conn. :</subfield><subfield code="b">Citizen Association</subfield></datafield><datafield ind1=" " ind2=" " tag="300"><subfield code="a">v.</subfield></datafield><datafield ind1=" " ind2=" " tag="310"><subfield code="a">Semiweekly</subfield></datafield><datafield ind1="0" ind2=" " tag="362"><subfield code="a">Vol. 8, no. 2 (July 4, 1876)- = whole no. 1086-</subfield></datafield><datafield ind1="1" ind2=" " tag="362"><subfield code="a">Ceased in 1882.</subfield></datafield><datafield ind1=" " ind2=" " tag="515"><subfield code="a">Contains numerous numbering inconsistencies.</subfield></datafield><datafield ind1=" " ind2=" " tag="580"><subfield code="a">Weekly ed.: Meriden citizen.</subfield></datafield><datafield ind1=" " ind2="4" tag="651"><subfield code="a">Meriden (Conn.)</subfield><subfield code="v">Newspapers.</subfield></datafield><datafield ind1=" " ind2=" " tag="752"><subfield code="a">United States</subfield><subfield code="b">Connecticut</subfield><subfield code="c">New Haven</subfield><subfield code="d">Meriden.</subfield></datafield><datafield ind1="1" ind2=" " tag="775"><subfield code="t">Meriden citizen</subfield><subfield code="w">(DLC)sn 84022492</subfield><subfield code="w">(OCoLC)10439085</subfield></datafield><datafield ind1="0" ind2="0" tag="780"><subfield code="t">Daily morning call (West Meriden, Conn. : Semiweekly)</subfield><subfield code="w">(DLC)sn 84022500</subfield><subfield code="w">(OCoLC)10446828</subfield></datafield><datafield ind1="1" ind2=" " tag="029"><subfield code="a">AU@</subfield><subfield code="b">000020414659</subfield></datafield></record>